<record><leader>00000cas a2200000 a 4500</leader><controlfield tag="001">9975125</controlfield><controlfield tag="008">831003d18461848miudn ne      0    0eng  </controlfield><datafield ind1=" " ind2=" " tag="010"><subfield code="a">sn 83016675 </subfield></datafield><datafield ind1=" " ind2=" " tag="040"><subfield code="a">DLC</subfield><subfield code="b">eng</subfield><subfield code="c">DLC</subfield><subfield code="d">MHN</subfield><subfield code="d">OCL</subfield><subfield code="d">OCLCQ</subfield><subfield code="d">OCLCF</subfield><subfield code="d">OCLCO</subfield></datafield><datafield ind1=" " ind2=" " tag="042"><subfield code="a">pcc</subfield></datafield><datafield ind1=" " ind2=" " tag="043"><subfield code="a">n-us-mi</subfield></datafield><datafield ind1="0" ind2="0" tag="050"><subfield code="a">Newspaper 8413</subfield></datafield><datafield ind1="0" ind2=" " tag="130"><subfield code="a">Daily free press (Detroit, Mich. : For the Country ed.)</subfield></datafield><datafield ind1="1" ind2="0" tag="245"><subfield code="a">Daily free press.</subfield></datafield><datafield ind1=" " ind2=" " tag="250"><subfield code="a">[For the Country ed.].</subfield></datafield><datafield ind1=" " ind2=" " tag="260"><subfield code="a">Detroit, Mich. :</subfield><subfield code="b">[J.S. Bagg,</subfield><subfield code="c">-1848.]</subfield></datafield><datafield ind1=" " ind2=" " tag="300"><subfield code="a">v. ;</subfield><subfield code="c">61 cm.</subfield></datafield><datafield ind1=" " ind2=" " tag="310"><subfield code="a">Daily (except Sun.)</subfield></datafield><datafield ind1="0" ind2=" " tag="362"><subfield code="a">-Mar. 4, 1848.</subfield></datafield><datafield ind1=" " ind2=" " tag="580"><subfield code="a">Daily ed. : Democratic free press (Detroit, Mich. : 1842).</subfield></datafield><datafield ind1=" " ind2=" " tag="580"><subfield code="a">Tri-weekly ed.: Detroit tri-weekly free press (title uncertain).</subfield></datafield><datafield ind1=" " ind2=" " tag="580"><subfield code="a">Weekly eds: Democratic free press (Detroit, Mich. : Weekly); and: Detroit free press (Detroit, Mich. : Weekly).</subfield></datafield><datafield ind1=" " ind2=" " tag="580"><subfield code="a">Other ed. available: Detroit free press (Detroit, Mich. : State ed.).</subfield></datafield><datafield ind1=" " ind2=" " tag="588"><subfield code="a">Description based on: Sept. 28 1846.</subfield></datafield><datafield ind1=" " ind2="0" tag="651"><subfield code="a">Detroit (Mich.)</subfield><subfield code="v">Newspapers.</subfield></datafield><datafield ind1=" " ind2="0" tag="651"><subfield code="a">Wayne County (Mich.)</subfield><subfield code="v">Newspapers.</subfield></datafield><datafield ind1=" " ind2="7" tag="655"><subfield code="a">Newspapers.</subfield><subfield code="2">fast</subfield><subfield code="0">(OCoLC)fst01423814</subfield></datafield><datafield ind1=" " ind2="7" tag="651"><subfield code="a">Michigan</subfield><subfield code="z">Detroit.</subfield><subfield code="2">fast</subfield><subfield code="0">(OCoLC)fst01205010</subfield></datafield><datafield ind1=" " ind2="7" tag="651"><subfield code="a">Michigan</subfield><subfield code="z">Wayne County.</subfield><subfield code="2">fast</subfield><subfield code="0">(OCoLC)fst01206628</subfield></datafield><datafield ind1=" " ind2=" " tag="752"><subfield code="a">United States</subfield><subfield code="b">Michigan</subfield><subfield code="c">Wayne</subfield><subfield code="d">Detroit.</subfield></datafield><datafield ind1="1" ind2=" " tag="775"><subfield code="t">Democratic free press (Detroit, Mich. : 1842)</subfield><subfield code="w">(DLC)sn 83016693</subfield><subfield code="w">(OCoLC)2260192</subfield></datafield><datafield ind1="1" ind2=" " tag="775"><subfield code="t">Detroit tri-weekly free press</subfield></datafield><datafield ind1="1" ind2=" " tag="775"><subfield code="t">Democratic free press (Detroit, Mich. : Weekly)</subfield><subfield code="w">(DLC)sn 83016732</subfield><subfield code="w">(OCoLC)10079455</subfield></datafield><datafield ind1="1" ind2=" " tag="775"><subfield code="t">Detroit free press (Detroit, Mich. : Weekly)</subfield><subfield code="w">(DLC)sn 83016616</subfield><subfield code="w">(OCoLC)9940462</subfield></datafield><datafield ind1="1" ind2=" " tag="775"><subfield code="t">Detroit free press (Detroit, Mich. : State ed.)</subfield><subfield code="w">(DLC)sn 87065726</subfield><subfield code="w">(OCoLC)1775552</subfield></datafield><datafield ind1="0" ind2="0" tag="785"><subfield code="t">Detroit daily free press (Detroit, Mich. : For the Country ed.</subfield><subfield code="w">(DLC)sn 83016676</subfield><subfield code="w">(OCoLC)9975211</subfield></datafield></record>